% to compile this file:
% bibtex <name of the latex without .tex> 
% we have to collect here the info for our report
% the following references have been used

@inproceedings{cousot1977abstract,
  title={Abstract interpretation: a unified lattice model for static analysis of programs by construction or approximation of fixpoints},
  author={Cousot, Patrick and Cousot, Radhia},
  booktitle={Proceedings of the 4th ACM SIGACT-SIGPLAN symposium on Principles of programming languages},
  pages={238--252},
  year={1977},
  organization={ACM}
}
